% Encoding: UTF-8

@article{zhou2019edge,
	title={Edge intelligence: Paving the last mile of artificial intelligence with edge computing},
	author={Zhou, Zhi and Chen, Xu and Li, En and Zeng, Liekang and Luo, Ke and Zhang, Junshan},
	journal={Proceedings of the IEEE},
	volume={107},
	number={8},
	pages={1738--1762},
	year={2019},
	month={Aug},
	publisher={IEEE}
}




@article{yousefpour2019all,
	title={All one needs to know about fog computing and related edge computing paradigms: A complete survey},
	author={Yousefpour, Ashkan and Fung, Caleb and Nguyen, Tam and Kadiyala, Krishna and Jalali, Fatemeh and Niakanlahiji, Amirreza and Kong, Jian and Jue, Jason P},
	journal={Journal of Systems Architecture},
	volume={98},
	pages={289--330},
	year={2019},
	month={Sep},
	publisher={Elsevier}
}

@article{mnih2015human,
	title={Human-level control through deep reinforcement learning},
	author={Mnih, Volodymyr and Kavukcuoglu, Koray and Silver, David and Rusu, Andrei A and Veness, Joel and Bellemare, Marc G and Graves, Alex and Riedmiller, Martin and Fidjeland, Andreas K and Ostrovski, Georg and others},
	journal={Nature},
	volume={518},
	number={7540},
	pages={529--533},
	year={2015},
	month={Feb},
	publisher={Nature Publishing Group}
}

@article{mao2017survey,
	title={A survey on mobile edge computing: The communication perspective},
	author={Mao, Yuyi and You, Changsheng and Zhang, Jun and Huang, Kaibin and Letaief, Khaled B},
	journal={IEEE Communications Surveys \& Tutorials},
	volume={19},
	number={4},
	pages={2322--2358},
	year={2017},
	month={Aug},
	publisher={IEEE}
}

@article{jiang2019toward,
	title={Toward computation offloading in edge computing: A survey},
	author={Jiang, Congfeng and Cheng, Xiaolan and Gao, Honghao and Zhou, Xin and Wan, Jian},
	journal={IEEE Access},
	volume={7},
	pages={131543--131558},
	year={2019},
	month={Aug},
	publisher={IEEE}
}

@article{arulkumaran2017deep,
	title={Deep reinforcement learning: A brief survey},
	author={Arulkumaran, Kai and Deisenroth, Marc Peter and Brundage, Miles and Bharath, Anil Anthony},
	journal={IEEE Signal Processing Magazine},
	volume={34},
	number={6},
	pages={26--38},
	month={Nov},
	year={2017},
	publisher={IEEE}
}

@article{mao2016dynamic,
	title={Dynamic computation offloading for mobile-edge computing with energy harvesting devices},
	author={Mao, Yuyi and Zhang, Jun and Letaief, Khaled B},
	journal={IEEE Journal on Selected Areas in Communications},
	volume={34},
	number={12},
	pages={3590--3605},
	year={2016},
	month={Sep},
	publisher={IEEE}
}

@article{zhang2016energy,
	title={Energy-efficient offloading for mobile edge computing in \text{5G} heterogeneous networks},
	author={Zhang, Ke and Mao, Yuming and Leng, Supeng and Zhao, Quanxin and Li, Longjiang and Peng, Xin and Pan, Li and Maharjan, Sabita and Zhang, Yan},
	journal={IEEE Access},
	volume={4},
	pages={5896--5907},
	year={2016},
	month={Aug},
	publisher={IEEE}
}


@article{bi2018computation,
	title={Computation rate maximization for wireless powered mobile-edge computing with binary computation offloading},
	author={Bi, Suzhi and Zhang, Ying Jun},
	journal={IEEE Transactions on Wireless Communications},
	volume={17},
	number={6},
	pages={4177--4190},
	year={2018},
	month={Apr},
	publisher={IEEE}
}

@article{ning2018cooperative,
	title={A cooperative partial computation offloading scheme for mobile edge computing enabled \text{Internet of Things}},
	author={Ning, Zhaolong and Dong, Peiran and Kong, Xiangjie and Xia, Feng},
	journal={IEEE Internet of Things Journal},
	volume={6},
	number={3},
	pages={4804--4814},
	year={2018},
	month={Sep},
	publisher={IEEE}
}

@article{dai2020edge,
	title={Edge intelligence for energy-efficient computation offloading and resource allocation in \text{5G} beyond},
	author={Dai, Yueyue and Zhang, Ke and Maharjan, Sabita and Zhang, Yan},
	journal={IEEE Transactions on Vehicular Technology},
	volume={69},
	number={10},
	pages={12175--12186},
	year={2020},
	month={Aug},
	publisher={IEEE}
}

@article{huang2019deep,
	title={Deep reinforcement learning for online computation offloading in wireless powered mobile-edge computing networks},
	author={Huang, Liang and Bi, Suzhi and Zhang, Ying-Jun Angela},
	journal={IEEE Transactions on Mobile Computing},
	volume={19},
	number={11},
	pages={2581--2593},
	year={2019},
	month={Jul},
	publisher={IEEE}
}

@article{zhao2019deep,
	title={Deep reinforcement learning for user association and resource allocation in heterogeneous cellular networks},
	author={Zhao, Nan and Liang, Ying-Chang and Niyato, Dusit and Pei, Yiyang and Wu, Minghu and Jiang, Yunhao},
	journal={IEEE Transactions on Wireless Communications},
	volume={18},
	number={11},
	pages={5141--5152},
	year={2019},
	month={Aug},
	publisher={IEEE}
}\


@ARTICLE{9253665,
	author={Tang, Ming and Wong, Vincent W.S.},
	journal={IEEE Transactions on Mobile Computing}, 
	title={Deep Reinforcement Learning for Task Offloading in Mobile Edge Computing Systems}, 
	year={2020},
	volume={21},
	number={6},
	month={Nov},
	pages={1985-1997},
	doi={10.1109/TMC.2020.3036871}}


@article{shah2018hierarchical,
	title={Hierarchical fog-cloud computing for IoT systems: A computation offloading game},
	author={Shah-Mansouri, Hamed and Wong, Vincent WS},
	journal={IEEE Internet of Things Journal},
	volume={5},
	number={4},
	pages={3246--3257},
	year={2018},
	month={May},
	publisher={IEEE}
}

 

@article{chen2018task,
	title={Task offloading for mobile edge computing in software defined ultra-dense network},
	author={Chen, Min and Hao, Yixue},
	journal={IEEE Journal on Selected Areas in Communications},
	volume={36},
	number={3},
	pages={587--597},
	year={2018},
	publisher={IEEE}
}



------------------------------------



@article{chen2019energy,
	title={Energy efficient dynamic offloading in mobile edge computing for internet of things},
	author={Chen, Ying and Zhang, Ning and Zhang, Yongchao and Chen, Xin and Wu, Wen and Shen, Xuemin},
	journal={IEEE Transactions on Cloud Computing},
	volume={9},
	number={3},
	pages={1050--1060},
	year={2019},
	month={Feb},
	publisher={IEEE}
}


@article{zhou2021deep,
	title={Deep reinforcement learning for energy-efficient computation offloading in mobile-edge computing},
	author={Zhou, Huan and Jiang, Kai and Liu, Xuxun and Li, Xiuhua and Leung, Victor CM},
	journal={IEEE Internet of Things Journal},
	volume={9},
	number={2},
	pages={1517--1530},
	year={2021},
	month={Jun},
	publisher={IEEE}
}



@article{ale2021delay,
	title={Delay-aware and energy-efficient computation offloading in mobile-edge computing using deep reinforcement learning},
	author={Ale, Laha and Zhang, Ning and Fang, Xiaojie and Chen, Xianfu and Wu, Shaohua and Li, Longzhuang},
	journal={IEEE Transactions on Cognitive Communications and Networking},
	volume={7},
	number={3},
	pages={881--892},
	year={2021},
	publisher={IEEE}
}

@article{liao2023online,
	title={Online computation offloading with double reinforcement learning algorithm in mobile edge computing},
	author={Liao, Linbo and Lai, Yongxuan and Yang, Fan and Zeng, Wenhua},
	journal={Journal of Parallel and Distributed Computing},
	volume={171},
	pages={28--39},
	year={2023},
	month={Jan},
	publisher={Elsevier}
}

@article{deng2021intelligent,
	title={Intelligent delay-aware partial computing task offloading for multi-user industrial Internet of Things through edge computing},
	author={Deng, Xiaoheng and Yin, Jian and Guan, Peiyuan and Xiong, Neal N and Zhang, Lan and Mumtaz, Shahid},
	journal={IEEE Internet of Things Journal},
	year={2023},
	publisher={IEEE}
}



@ARTICLE{gao2022large,
	author={Gao, Zhen and Yang, Lei and Dai, Yu},
	journal={IEEE Transactions on Mobile Computing}, 
	title={Large-Scale Computation Offloading Using a Multi-Agent Reinforcement Learning in Heterogeneous Multi-Access Edge Computing}, 
	year={2023},
	month={Jan},
	volume={22},
	number={6},
	pages={3425-3443},
	doi={10.1109/TMC.2022.3141080}}

@article{parekh1993generalized,
	title={A generalized processor sharing approach to flow control in integrated services networks: the single-node case},
	author={Parekh, Abhay K and Gallager, Robert G},
	journal={IEEE/ACM Transactions on Networking},
	volume={1},
	number={3},
	pages={344--357},
	year={1993},
	month={Jun},
	publisher={IEEE}
}

@article{hochreiter1997long,
	title={Long short-term memory},
	author={Hochreiter, Sepp and Schmidhuber, J{\"u}rgen},
	journal={Neural computation},
	volume={9},
	number={8},
	pages={1735--1780},
	year={1997},
	month={Sep},
	publisher={MIT press}
}

@inproceedings{wang2016dueling,
	title={Dueling network architectures for deep reinforcement learning},
	author={Wang, Ziyu and Schaul, Tom and Hessel, Matteo and Hasselt, Hado and Lanctot, Marc and Freitas, Nando},
	booktitle={International conference on machine learning},
	pages={1995--2003},
	year={2016},
	month={Jun},
	organization={PMLR}
}


@article{kwok1996dynamic,
	title={Dynamic critical-path scheduling: An effective technique for allocating task graphs to multiprocessors},
	author={Kwok, Yu-Kwong and Ahmad, Ishfaq},
	journal={IEEE transactions on parallel and distributed systems},
	volume={7},
	number={5},
	pages={506--521},
	year={1996},
	publisher={IEEE}
}


@article{li2020federated,
	title={Federated learning: Challenges, methods, and future directions},
	author={Li, Tian and Sahu, Anit Kumar and Talwalkar, Ameet and Smith, Virginia},
	journal={IEEE signal processing magazine},
	volume={37},
	number={3},
	pages={50--60},
	year={2020},
	publisher={IEEE}
}





@article{yang2018distributed,
	title={A distributed computation offloading strategy in small-cell networks integrated with mobile edge computing},
	author={Yang, Lichao and Zhang, Heli and Li, Xi and Ji, Hong and Leung, Victor CM},
	journal={IEEE/ACM transactions on networking},
	volume={26},
	number={6},
	pages={2762--2773},
	year={2018},
	publisher={IEEE}
}





@InProceedings{Winery,
  author    = {Oliver Kopp and others},
  booktitle = {Proceedings of 11\textsuperscript{th} International Conference on Service-Oriented Computing (ICSOC'13)},
  title     = {{Winery -- A Modeling Tool for {TOSCA}-based Cloud Applications}},
  year      = {2013},
  pages     = {700--704},
  publisher = {Springer Berlin Heidelberg},
  series    = {LNCS},
  volume    = {8274},
  doi       = {10.1007/978-3-642-45005-1_64},
  keywords  = {Cloud Applications; Modeling; TOSCA; Management; Portability},
}



@Manual{mwe,
  title  = {The \texttt{mwe} Package},
  author = {Martin Scharrer},
  year   = {2017},
  url    = {http://texdoc.net/mwe},
}

@Misc{acmart,
  author =       {Boris Veytsman},
  year =         {2021},
  month =        aug,
  title =        {LaTeX Class for the Association for Computing Machinery -- Acknowledgement Information},
  lastaccessed = {September 17, 2021},
  url =          {https://github.com/borisveytsman/acmart/blob/1704c8bf7eee92a1515ff755f5118b6a22bb1f8e/samples/samples.dtx#L709},
}

@Comment{jabref-meta: databaseType:bibtex;}
